@article{godel1938consistency,
  title={The consistency of the axiom of choice and of the generalized continuum-hypothesis},
  author={G{\"o}del, Kurt},
  journal={Proceedings of the National Academy of Sciences},
  volume={24},
  number={12},
  pages={556--557},
  year={1938},
  publisher={National Acad Sciences}
}

@article{paulson2003relative,
  title={The Relative Consistency of the Axiom of Choice Mechanized Using Isabelle/ zf},
  author={Paulson, Lawrence C},
  journal={LMS Journal of Computation and Mathematics},
  volume={6},
  pages={198--248},
  year={2003},
  publisher={Cambridge University Press}
}

@inproceedings{harrison1998formalizing,
  title={Formalizing basic first order model theory},
  author={Harrison, John},
  booktitle={International Conference on Theorem Proving in Higher Order Logics},
  pages={153--170},
  year={1998},
  organization={Springer}
}

@article{schlichtkrull2018formalization,
  title={Formalization of Logic in the Isabelle Proof Assistant},
  author={Schlichtkrull, Anders},
  year={2018},
  publisher={DTU Compute}
}

@article{braselmann1930godel,
  title={G{\"o}delâ€™s Completeness Theorem1},
  author={Braselmann, Patrick and Koepke, Peter},
  journal={Monatshefte f{\"u}r Mathematik und Physik},
  volume={37},
  pages={349--360},
  year={1930}
}

@article{blanchette2017soundness,
  title={Soundness and completeness proofs by coinductive methods},
  author={Blanchette, Jasmin Christian and Popescu, Andrei and Traytel, Dmitriy},
  journal={Journal of automated reasoning},
  volume={58},
  number={1},
  pages={149--179},
  year={2017},
  publisher={Springer}
}

@article{godel1947cantor,
  title={What is Cantor's continuum problem?},
  author={G{\"o}del, Kurt},
  journal={The American Mathematical Monthly},
  volume={54},
  number={9},
  pages={515--525},
  year={1947},
  publisher={Taylor \& Francis}
}

@book{harrison2009handbook,
  title={Handbook of practical logic and automated reasoning},
  author={Harrison, John},
  year={2009},
  publisher={Cambridge University Press}
}

@article{cohen-the-independence-of-the-continuum-hypothesis-1,
  title={The independence of the continuum hypothesis},
  author={Cohen, Paul J},
  journal={Proceedings of the National Academy of Sciences},
  volume={50},
  number={6},
  pages={1143--1148},
  year={1964},
  publisher={National Acad Sciences}
}

@phdthesis{ilik2010constructive,
  title={Constructive completeness proofs and delimited control},
  author={Ilik, Danko},
  year={2010},
  school={Ecole Polytechnique X}
}

@inproceedings{de2015lean,
  title={The Lean theorem prover (system description)},
  author={de Moura, Leonardo and Kong, Soonho and Avigad, Jeremy and Van Doorn, Floris and von Raumer, Jakob},
  booktitle={International Conference on Automated Deduction},
  pages={378--388},
  year={2015},
  organization={Springer}
}

@inproceedings{Ridge2005AMV,
  title={A Mechanically Verified, Sound and Complete Theorem Prover for First Order Logic},
  author={Tom Ridge and James Margetson},
  booktitle={TPHOLs},
  year={2005}
}


@article{FOL-Fitting-AFP,
  author  = {Stefan Berghofer},
  title   = {First-Order Logic According to Fitting},
  journal = {Archive of Formal Proofs},
  month   = aug,
  year    = 2007,
  note    = {\url{http://isa-afp.org/entries/FOL-Fitting.html},
            Formal proof development},
  ISSN    = {2150-914x},
}
 
@article{Completeness-AFP,
  author  = {James Margetson and Tom Ridge},
  title   = {Completeness theorem},
  journal = {Archive of Formal Proofs},
  month   = sep,
  year    = 2004,
  note    = {\url{http://isa-afp.org/entries/Completeness.html},
            Formal proof development},
  ISSN    = {2150-914x},
}

@misc{margetson2004proving,
  title={Proving the Completeness Theorem within Isabelle/HOL},
  author={Margetson, James},
  year={2004},
  publisher={Citeseer}
}

@book{shankar1997metamathematics,
  title={Metamathematics, machines and G{\"o}del's proof},
  author={Shankar, Natarajan},
  volume={38},
  year={1997},
  publisher={Cambridge University Press}
}

@inproceedings{shoenfield1971unramified,
  title={Unramified forcing},
  author={Shoenfield, Joseph R},
  booktitle={Axiomatic set theory},
  volume={13},
  number={1},
  pages={357--381},
  year={1971},
  organization={AMS Providence, RI}
}

@article{gunther2018first,
  title={First steps towards a formalization of Forcing},
  author={Gunther, Emmanuel and Pagano, Miguel and Terraf, Pedro S{\'a}nchez},
  journal={arXiv preprint arXiv:1807.05174},
  year={2018}
}

@article{gunther2019mechanization,
  title={Mechanization of Separation in Generic Extensions},
  author={Gunther, Emmanuel and Pagano, Miguel and Terraf, Pedro S{\'a}nchez},
  journal={arXiv preprint arXiv:1901.03313},
  year={2019}
}

@article{scott2014stochastic,
  title={Stochastic $\lambda$-calculi},
  author={Scott, Dana S},
  journal={Journal of Applied Logic},
  volume={12},
  number={3},
  pages={369--376},
  year={2014},
  publisher={Elsevier}
}

@inproceedings{bacci2018boolean,
  title={Boolean-valued semantics for the stochastic $\lambda$-calculus},
  author={Bacci, Giorgio and Furber, Robert and Kozen, Dexter and Mardare, Radu and Panangaden, Prakash and Scott, Dana},
  booktitle={Proceedings of the 33rd Annual ACM/IEEE Symposium on Logic in Computer Science},
  pages={669--678},
  year={2018},
  organization={ACM}
}

@article{scott2008algebraic,
  title={The Algebraic Intepretation of Quantifiers. Intuitionistic and Classical},
  author={Scott, Dana},
  journal={Andrzej Mostowski and foundational studies},
  pages={289--312},
  year={2008},
  publisher={IOS Press Amsterdam}
}

@article{kanamori1996mathematical,
  title={The mathematical development of set theory from Cantor to Cohen},
  author={Kanamori, Akihiro},
  journal={Bulletin of Symbolic Logic},
  volume={2},
  number={1},
  pages={1--71},
  year={1996},
  publisher={Cambridge University Press}
}

@book{kanamori2008higher,
  title={The higher infinite: large cardinals in set theory from their beginnings},
  author={Kanamori, Akihiro},
  year={2008},
  publisher={Springer Science \& Business Media}
}

@article{hamkins2012well,
  title={Well-founded Boolean ultrapowers as large cardinal embeddings},
  author={Hamkins, Joel David and Seabold, Daniel Evan},
  journal={arXiv preprint arXiv:1206.6075},
  year={2012}
}

@article{moore2019method,
  title={The method of forcing},
  author={Moore, Justin Tatch},
  journal={arXiv preprint arXiv:1902.03235},
  year={2019}
}

@book{kunen2014set,
  title={Set theory an introduction to independence proofs},
  author={Kunen, Kenneth},
  volume={102},
  year={2014},
  publisher={Elsevier}
}

@article{scott1967proof,
  title={A Proof of the Independence of the Continuum Hypothesis},
  author={Scott, Dana},
  journal={Theory of Computing Systems},
  volume={1},
  number={2},
  pages={89--111},
  year={1967},
  publisher={Springer}
}

@book{givant2008introduction,
  title={Introduction to Boolean algebras},
  author={Givant, Steven and Halmos, Paul},
  year={2008},
  publisher={Springer Science \& Business Media}
}

@inproceedings{werner1997sets,
  title={Sets in types, types in sets},
  author={Werner, Benjamin},
  booktitle={International Symposium on Theoretical Aspects of Computer Software},
  pages={530--546},
  year={1997},
  organization={Springer}
}

@misc{sebastian1,
 title={Lean 4: A Guided Preview},
 author={Ullrich, Sebastian},
 howpublished={\url{https://leanprover.github.io/talks/vu2019.pdf}},
 urldate = {2019-01-04},
 note = {Slides}
}

@book{bell2011set,
  title={Set theory: Boolean-valued models and independence proofs},
  author={Bell, John L},
  volume={47},
  year={2011},
  publisher={Oxford University Press}
}

@unpublished{mario1,
  title={The type theory of Lean},
  author={Carneiro, Mario},
  year={2019},
  note={In preparation (\url{https://github.com/digama0/lean-type-theory/releases})}
  }

@book{manin2009course,
  title={A course in mathematical logic for mathematicians},
  author={Manin, Yu I},
  volume={53},
  year={2009},
  publisher={Springer Science \& Business Media}
}

@book{jech2013set,
  title={Set theory},
  author={Jech, Thomas},
  year={2013},
  publisher={Springer Science \& Business Media}
}

@article{cantor1878beitrag,
  title={Ein beitrag zur mannigfaltigkeitslehre},
  author={Cantor, Georg},
  journal={Journal fur die reine und angewandte Mathematik},
  volume={84},
  pages={242--258},
  year={1878}
}

@article{cohen1964independence2,
  title={The independence of the continuum hypothesis, II},
  author={Cohen, Paul J},
  journal={Proceedings of the National Academy of Sciences of the United States of America},
  volume={51},
  number={1},
  pages={105},
  year={1964},
  publisher={National Academy of Sciences}
}

@unpublished{scott-solovay,
  title={Boolean algebras and forcing},
  year={1967},
  author={Scott, Dana and Solovay, Robert},
  note={Unpublished manuscript}
}

@inproceedings{aczel1978type,
  title={The type theoretic interpretation of constructive set theory},
  author={Aczel, Peter},
  booktitle={Logic colloquium},
  volume={77},
  pages={55--66},
  year={1978}
}

@incollection{aczel1986type,
  title={The type theoretic interpretation of constructive set theory: inductive definitions},
  author={Aczel, Peter},
  booktitle={Studies in Logic and the Foundations of Mathematics},
  volume={114},
  pages={17--49},
  year={1986},
  publisher={Elsevier}
}

@incollection{aczel1982type,
  title={The type theoretic interpretation of constructive set theory: choice principles},
  author={Aczel, Peter},
  booktitle={Studies in Logic and the Foundations of Mathematics},
  volume={110},
  pages={1--40},
  year={1982},
  publisher={Elsevier}
}

@misc{mario2,
  title={Natural deduction in the Metamath Proof Explorer},
  author={Mario Carneiro},
  year = {2014},
  howpublished = {\url{http://us.metamath.org/mpeuni/mmnatded.html}},
  note = {Slides (\url{http://us.metamath.org/ocat/natded.pdf})}
}

@article{paulson1996mechanizing,
  title={Mechanizing set theory},
  author={Paulson, Lawrence C and Grabczewski, Krzysztof},
  journal={Journal of Automated Reasoning},
  volume={17},
  number={3},
  pages={291--323},
  year={1996},
  publisher={Springer}
}

@article{paulson1993set,
  title={Set theory for verification: I. From foundations to functions},
  author={Paulson, Lawrence C},
  journal={Journal of Automated Reasoning},
  volume={11},
  number={3},
  pages={353--389},
  year={1993},
  publisher={Springer}
}

@inproceedings{paulson2002reflection,
  title={The reflection theorem: A study in meta-theoretic reasoning},
  author={Paulson, Lawrence C},
  booktitle={International Conference on Automated Deduction},
  pages={377--391},
  year={2002},
  organization={Springer}
}

@article{Hudon2015TheUM,
  title={The Unit-B method: refinement guided by progress concerns},
  author={Simon Hudon and Thai Son Hoang and Jonathan S. Ostroff},
  journal={Software \& Systems Modeling},
  year={2015},
  volume={15},
  pages={1091-1116}
}

@misc{unitb,
  title={Temporal logic in Unit-B},
  author={Simon Hudon},
  note={\url{https://github.com/unitb/temporal-logic}},
  year={2018}
}